@online{online:spam,
  title={Reflections on the 25th Anniversary of Spam},
  author={Templeton Brad},
  year = {2003},
  medium={Электронный ресурс},
  url = {https://www.templetons.com/brad/spam/spam25.html},
  urldate = {2019-04-01},
  language = {russian}
}

@online{online:google,
  title={Google Реклама},
  year = {2019},
  medium={Электронный ресурс},
  url = {https://ads.google.com/intl/en_RU/home/how-it-works/},
  urldate = {2019-04-01},
  language = {rus0sian}
}св